<?xml version="1.0" encoding="UTF-8"?><collection xmlns="http://www.loc.gov/MARC21/slim"><record><leader>00515nam--2200181-i-4500</leader><controlfield tag="001">000029469</controlfield><controlfield tag="002">20161230</controlfield><controlfield tag="005">20170208092801</controlfield><controlfield tag="008">060222s1000------------r-----000-0-eng-d</controlfield><datafield ind1=" " ind2=" " tag="040"><subfield code="a">IFIN-HH</subfield></datafield><datafield ind1=" " ind2=" " tag="080"><subfield code="a">537.12</subfield></datafield><datafield ind1="1" ind2=" " tag="100"><subfield code="a">Lorentz, H.A</subfield></datafield><datafield ind1="1" ind2="0" tag="245"><subfield code="a">The theory of electrons and its applications to the phenomena of light and radiant heat</subfield><subfield code="c">H.A. Lorentz</subfield></datafield><datafield ind1=" " ind2=" " tag="250"><subfield code="a">Second Edition</subfield></datafield><datafield ind1=" " ind2=" " tag="260"><subfield code="a">New York</subfield><subfield code="b">Dover Publications</subfield><subfield code="c">1952</subfield></datafield><datafield ind1=" " ind2=" " tag="300"><subfield code="a">343P</subfield></datafield><datafield ind1=" " ind2=" " tag="852"><subfield code="a">12923</subfield><subfield code="c">537.533</subfield></datafield><datafield ind1=" " ind2=" " tag="CAT"><subfield code="a">SYS</subfield><subfield code="c">20170208</subfield><subfield code="h">092801</subfield></datafield></record></collection>